<record><leader>00000cas a2200000 a 4500</leader><controlfield tag="001">40132475</controlfield><controlfield tag="008">981019d19021909vtuwr ne      0    0eng c</controlfield><datafield ind1=" " ind2=" " tag="010"><subfield code="a">sn 98060182 </subfield></datafield><datafield ind1=" " ind2=" " tag="040"><subfield code="a">NVN</subfield><subfield code="b">eng</subfield><subfield code="c">NVN</subfield><subfield code="d">OCLCQ</subfield><subfield code="d">OCLCF</subfield><subfield code="d">OCLCO</subfield></datafield><datafield ind1="1" ind2=" " tag="029"><subfield code="a">AU@</subfield><subfield code="b">000014247709</subfield></datafield><datafield ind1=" " ind2=" " tag="042"><subfield code="a">pcc</subfield></datafield><datafield ind1=" " ind2=" " tag="043"><subfield code="a">n-us-vt</subfield></datafield><datafield ind1="0" ind2="4" tag="245"><subfield code="a">The Orwell citizen and tribune.</subfield></datafield><datafield ind1="1" ind2=" " tag="246"><subfield code="i">Publisher's title:</subfield><subfield code="a">Orwell citizen</subfield></datafield><datafield ind1=" " ind2=" " tag="260"><subfield code="a">Vergennes, Vt. :</subfield><subfield code="b">Addison County Newspaper Assoc.,</subfield><subfield code="c">1902-1909.</subfield></datafield><datafield ind1=" " ind2=" " tag="300"><subfield code="a">v.</subfield></datafield><datafield ind1=" " ind2=" " tag="310"><subfield code="a">Weekly</subfield></datafield><datafield ind1="0" ind2=" " tag="362"><subfield code="a">Vol. 2, no. 49 (Feb. 20, 1902)-v. 10, no. 22 (July 1, 1909).</subfield></datafield><datafield ind1=" " ind2="0" tag="651"><subfield code="a">Orwell (Vt.)</subfield><subfield code="v">Newspapers.</subfield></datafield><datafield ind1=" " ind2="0" tag="651"><subfield code="a">Addison County (Vt.)</subfield><subfield code="v">Newspapers.</subfield></datafield><datafield ind1=" " ind2="0" tag="651"><subfield code="a">Vermont</subfield><subfield code="v">Newspapers.</subfield></datafield><datafield ind1=" " ind2="7" tag="655"><subfield code="a">Newspapers.</subfield><subfield code="2">fast</subfield><subfield code="0">(OCoLC)fst01423814</subfield></datafield><datafield ind1=" " ind2="7" tag="651"><subfield code="a">Vermont.</subfield><subfield code="2">fast</subfield><subfield code="0">(OCoLC)fst01204305</subfield></datafield><datafield ind1=" " ind2="7" tag="651"><subfield code="a">Vermont</subfield><subfield code="z">Addison County.</subfield><subfield code="2">fast</subfield><subfield code="0">(OCoLC)fst01213033</subfield></datafield><datafield ind1=" " ind2="7" tag="651"><subfield code="a">Vermont</subfield><subfield code="z">Orwell.</subfield><subfield code="2">fast</subfield><subfield code="0">(OCoLC)fst01265969</subfield></datafield><datafield ind1=" " ind2=" " tag="752"><subfield code="a">United States</subfield><subfield code="b">Vermont</subfield><subfield code="c">Addison</subfield><subfield code="d">Vergennes.</subfield></datafield><datafield ind1="0" ind2=" " tag="775"><subfield code="t">Middlebury record (Vergennes, Vt.)</subfield><subfield code="w">(DLC)sn 97067538</subfield><subfield code="w">(OCoLC)37357588</subfield></datafield><datafield ind1="0" ind2=" " tag="775"><subfield code="t">Bridport sun</subfield><subfield code="w">(DLC)sn 97067527</subfield><subfield code="w">(OCoLC)37329528</subfield></datafield><datafield ind1="0" ind2=" " tag="775"><subfield code="t">New Haven news (Vergennes, Vt.)</subfield><subfield code="w">(DLC)sn 98060180</subfield><subfield code="w">(OCoLC)40132367</subfield></datafield><datafield ind1="0" ind2=" " tag="775"><subfield code="t">Enterprise and Vermonter</subfield><subfield code="w">(DLC)sn 88083275</subfield><subfield code="w">(OCoLC)17468491</subfield></datafield><datafield ind1="0" ind2="0" tag="780"><subfield code="t">Orwell citizen (Vergennes, Vt. : 1900)</subfield><subfield code="w">(DLC)sn 98060181</subfield><subfield code="w">(OCoLC)40132425</subfield></datafield><datafield ind1="0" ind2="0" tag="785"><subfield code="t">Orwell citizen (Vergennes, Vt. : 1909)</subfield><subfield code="w">(DLC)sn 99067829</subfield><subfield code="w">(OCoLC)41375350</subfield></datafield></record>